@article{boruvka1926,
  author    = {Otakar Borůvka},
  title     = {O jistém problému minimálním (On a certain minimal problem)},
  journal   = {Práce Moravské Přírodovědecké Společnosti},
  year      = {1926},
  language  = {Czech},
  note      = {\url{https://dml.cz/handle/10338.dmlcz/401613}}
}

@article{prim1957,
  author    = {R. C. Prim},
  title     = {Shortest connection networks and some generalizations},
  journal   = {Bell System Technical Journal},
  volume    = {36},
  number    = {6},
  pages     = {1389--1401},
  year      = {1957},
  doi       = {10.1002/j.1538-7305.1957.tb01515.x},
  url       = {https://ieeexplore.ieee.org/document/6773135}
}

@article{kruskal1956,
  author    = {Joseph B. Kruskal},
  title     = {On the shortest spanning subtree of a graph and the traveling salesman problem},
  journal   = {Proceedings of the American Mathematical Society},
  volume    = {7},
  number    = {1},
  pages     = {48--50},
  year      = {1956},
  doi       = {10.2307/2033241},
  url       = {https://www.jstor.org/stable/2033241}
}

@article{tarjan1975,
  author    = {Robert E. Tarjan},
  title     = {Efficiency of a good but not linear set union algorithm},
  journal   = {Journal of the ACM (JACM)},
  volume    = {22},
  number    = {2},
  pages     = {215--225},
  year      = {1975},
  doi       = {10.1145/321879.321884},
  url       = {https://dl.acm.org/doi/10.1145/321879.321884}
}

@article{karger1995,
  author    = {David R. Karger and Philip N. Klein and Robert E. Tarjan},
  title     = {A randomized linear-time algorithm to find minimum spanning trees},
  journal   = {Journal of the ACM},
  volume    = {42},
  number    = {2},
  pages     = {321--328},
  year      = {1995},
  doi       = {10.1145/210332.210337},
  url       = {https://dl.acm.org/doi/10.1145/210332.210337}
}

@article{gallager1983,
  author    = {Robert G. Gallager and Pierre A. Humblet and Philip M. Spira},
  title     = {A distributed algorithm for minimum-weight spanning trees},
  journal   = {ACM Transactions on Programming Languages and Systems (TOPLAS)},
  volume    = {5},
  number    = {1},
  pages     = {66--77},
  year      = {1983},
  doi       = {10.1145/357172.357176},
  url       = {https://dl.acm.org/doi/10.1145/357172.357176}
}

@article{edmonds1971,
  author    = {Jack Edmonds},
  title     = {Matroids and the greedy algorithm},
  journal   = {Mathematical Programming},
  volume    = {1},
  number    = {1},
  pages     = {127--136},
  year      = {1971},
  doi       = {10.1007/BF01585995},
  url       = {https://doi.org/10.1007/BF01585995}
}
